<collection>
<record>
<leader>11868cpc a22018617a 4500</leader>
<controlfield tag="001">11800980</controlfield>
<controlfield tag="005">20240916080938.0</controlfield>
<controlfield tag="008">950915i19761981dcu eng </controlfield>
<datafield ind1=" " ind2=" " tag="906">
<subfield code="a">7</subfield>
<subfield code="b">cbc</subfield>
<subfield code="c">orignew</subfield>
<subfield code="d">1</subfield>
<subfield code="e">ncip</subfield>
<subfield code="f">19</subfield>
<subfield code="g">y-folklife</subfield>
</datafield>
<datafield ind1=" " ind2=" " tag="955">
<subfield code="a">
mfor ?/?/95; shal 10/01/99; cker 12/02/99; kblu 01-07-00; mkru 2004-06-16; mkru 2004-07-30; mkru 2004-11-26;
</subfield>
<subfield code="a">mseg 2013-01-03</subfield>
<subfield code="a">mkru 2013-09-23; cker 2014-10-08</subfield>
<subfield code="a">mkru 2014-10-21; cker 2014-10-24</subfield>
<subfield code="a">mkru 2015-09-04</subfield>
<subfield code="a">mkru 2016-01-20</subfield>
<subfield code="a">mkru 2016-05-16</subfield>
<subfield code="a">mkru 2016-10-26</subfield>
<subfield code="a">mkru 2017-01-31</subfield>
<subfield code="a">mseg 2017-07-10</subfield>
<subfield code="a">mkru 2017-08-29</subfield>
<subfield code="a">mkru 2018-01-05</subfield>
<subfield code="a">masmit 2019-08-15</subfield>
<subfield code="a">masmit 2021-03-16</subfield>
<subfield code="a">masmit 2021-06-08</subfield>
<subfield code="a">masmit 2021-12-01</subfield>
<subfield code="a">masmit 2024-09-16</subfield>
</datafield>
<datafield ind1=" " ind2=" " tag="010">
<subfield code="a"> 2004695177</subfield>
</datafield>
<datafield ind1=" " ind2=" " tag="035">
<subfield code="a">afc95000015</subfield>
</datafield>
<datafield ind1=" " ind2=" " tag="040">
<subfield code="a">DLC</subfield>
<subfield code="c">DLC</subfield>
<subfield code="e">dacs</subfield>
<subfield code="d">DLC</subfield>
</datafield>
<datafield ind1="0" ind2=" " tag="041">
<subfield code="a">eng</subfield>
<subfield code="d">mul</subfield>
</datafield>
<datafield ind1=" " ind2=" " tag="043">
<subfield code="a">n-us-il</subfield>
</datafield>
<datafield ind1=" " ind2=" " tag="090">
<subfield code="a">RYA 0601-0845 (cassettes)</subfield>
</datafield>
<datafield ind1=" " ind2=" " tag="090">
<subfield code="a">RXA 1004-1098; 1353-1356 (reels)</subfield>
</datafield>
<datafield ind1=" " ind2=" " tag="090">
<subfield code="a">VBV 5720-5721 (videocassettes)</subfield>
</datafield>
<datafield ind1=" " ind2=" " tag="090">
<subfield code="a">AFS 20524-20867 (listening copies)</subfield>
</datafield>
<datafield ind1=" " ind2=" " tag="090">
<subfield code="a">AFC 1981/004</subfield>
</datafield>
<datafield ind1="0" ind2="0" tag="245">
<subfield code="a">Chicago Ethnic Arts Project collection,</subfield>
<subfield code="f">1976-1981 /</subfield>
<subfield code="c">
collected by the American Folklife Center for the Illinois Arts Council.
</subfield>
</datafield>
<datafield ind1=" " ind2=" " tag="300">
<subfield code="a">approximately 14,756</subfield>
<subfield code="f">items</subfield>
</datafield>
<datafield ind1=" " ind2=" " tag="300">
<subfield code="a">20.75</subfield>
<subfield code="f">linear ft.</subfield>
</datafield>
<datafield ind1=" " ind2=" " tag="300">
<subfield code="3">manuscripts</subfield>
<subfield code="a">269</subfield>
<subfield code="f">folders (</subfield>
<subfield code="a">14</subfield>
<subfield code="f">containers)</subfield>
</datafield>
<datafield ind1=" " ind2=" " tag="300">
<subfield code="3">sound recordings</subfield>
<subfield code="a">99 sound tape reels :</subfield>
<subfield code="b">analog, 7 1/2 ips, mono. and stereo. ;</subfield>
<subfield code="c">7 in.</subfield>
</datafield>
<datafield ind1=" " ind2=" " tag="300">
<subfield code="3">sound recordings</subfield>
<subfield code="a">245 sound cassettes :</subfield>
<subfield code="b">analog</subfield>
</datafield>
<datafield ind1=" " ind2=" " tag="300">
<subfield code="3">graphic materials</subfield>
<subfield code="a">3757 slides :</subfield>
<subfield code="b">color ;</subfield>
<subfield code="c">35 mm</subfield>
</datafield>
<datafield ind1=" " ind2=" " tag="300">
<subfield code="3">graphic materials</subfield>
<subfield code="a">10,182 photographs :</subfield>
<subfield code="b">film negatives, black and white ;</subfield>
<subfield code="c">35 mm</subfield>
</datafield>
<datafield ind1=" " ind2=" " tag="300">
<subfield code="3">graphic materials</subfield>
<subfield code="a">202 photographs :</subfield>
<subfield code="b">film negatives, black and white ;</subfield>
<subfield code="c">2 1/4 x 2 1/4 in.</subfield>
</datafield>
<datafield ind1=" " ind2=" " tag="300">
<subfield code="3">moving images</subfield>
<subfield code="a">2 videocassettes (U-Matic) :</subfield>
<subfield code="b">sound, color ;</subfield>
<subfield code="c">3/4 in.</subfield>
</datafield>
<datafield ind1=" " ind2=" " tag="351">
<subfield code="a">
Organized by format into the following series: I. Manuscripts; II. Sound Recordings; III. Graphic Images; IV. Moving Images.
</subfield>
</datafield>
<datafield ind1=" " ind2=" " tag="500">
<subfield code="a">
Photographs and slides provide some documentation of the following dance activities: African-American performance group and social dancing, Japanese folk dancing, German performance group folk dancing, Jewish wedding reception dancing, Hispanic social dancing, Lithuanian social dancing, Polish social dancing and children's performance, and Croatian and Serbian social dancing and folk dance performance, including documentation at weddings and other events.
</subfield>
</datafield>
<datafield ind1=" " ind2=" " tag="500">
<subfield code="a">
Two videocassettes are related to the photographic exhibition by Jonas Dovydenas, "Inside Our Houses, Outside Our Windows;" one includes remarks by Dovydenas on the Project; one was used in the photo exhibition at the National Center for Urban Ethnic Affairs in Milwaukee, Wisconsin, January, 1981.
</subfield>
</datafield>
<datafield ind1=" " ind2=" " tag="500">
<subfield code="a">
The collection includes an extended life history interview of Mato Brzovich in Croatian, an interview with former U.S. Representative Roland V. Libonati and his wife Jeanette Libonati; an interview with musician Buddy Guy; photographs of Rev. Gyomay M. Kubose and interviews with his wife Minnie Somi Kubose who together established the Buddhist Temple of Chicago in 1944.
</subfield>
</datafield>
<datafield ind1=" " ind2=" " tag="520">
<subfield code="a">
The collection consists of sound recordings, photographs, manuscript materials, videorecordings, publications, ephemera, administrative files, and field notes produced and collected during the 1977 Chicago Ethnic Arts Project field survey from 1976-1981; but primarily during fieldwork conducted by fourteen folklorists directed by the American Folklife Center in 1977. The final project report presented to the Illinois Arts Council summarized the current conditions and folk arts needs in a number of Chicago's ethnic communities. Materials from post-project activities such as workshops in the ethnic communities and a traveling photographic exhibit by Jonas Dovydenas are also included.
</subfield>
</datafield>
<datafield ind1="8" ind2=" " tag="524">
<subfield code="a">
Chicago Ethnic Arts Project collection (AFC 1981/004) Archive of Folk Culture, American Folklife Center, Library of Congress, Washington, D.C.
</subfield>
</datafield>
<datafield ind1=" " ind2=" " tag="530">
<subfield code="a">Much of the collection is available online</subfield>
<subfield code="u">
https://www.loc.gov/collections/chicago-ethnic-arts-project/about-this-collection/
</subfield>
</datafield>
<datafield ind1="1" ind2=" " tag="506">
<subfield code="a">
Collection is open for research. Access to originals may be restricted; some or all content is stored offsite.To request materials, please contact the Folklife Reading Room at
</subfield>
<subfield code="u">http://hdl.loc.gov/loc.afc/folklife.contact</subfield>
</datafield>
<datafield ind1=" " ind2=" " tag="540">
<subfield code="a">
Duplication of the collection materials may be governed by copyright and other restrictions.
</subfield>
</datafield>
<datafield ind1=" " ind2=" " tag="545">
<subfield code="a">
The Chicago Ethnic Arts Project survey was conducted in 1977 by the American Folklife Center at the request of the Illinois Arts Council to assess and document the status of ethnic art traditions in more than twenty ethnic communities in Chicago, and jointly sponsored by both organizations.
</subfield>
</datafield>
<datafield ind1=" " ind2=" " tag="546">
<subfield code="a">
In English, Croatian, Greek, Italian, Korean, Lithuanian, Polish, Slovenian, Spanish, and Ukrainian.
</subfield>
</datafield>
<datafield ind1="0" ind2=" " tag="555">
<subfield code="a">
Finding aid is available in the Folklife Reading Room, Library of Congress and online
</subfield>
<subfield code="u">http://hdl.loc.gov/loc.afc/eadafc.af014006</subfield>
</datafield>
<datafield ind1="1" ind2="0" tag="600">
<subfield code="a">Brzovich, Mato</subfield>
<subfield code="v">Interviews.</subfield>
</datafield>
<datafield ind1="1" ind2="0" tag="600">
<subfield code="a">Kubose, Minnie Somi</subfield>
<subfield code="v">Interviews.</subfield>
</datafield>
<datafield ind1="1" ind2="0" tag="600">
<subfield code="a">Libonati, Roland V.</subfield>
<subfield code="q">(Roland Victor),</subfield>
<subfield code="d">1900-1991</subfield>
<subfield code="v">Interviews.</subfield>
</datafield>
<datafield ind1="2" ind2="0" tag="610">
<subfield code="a">American Indian Center of Chicago.</subfield>
</datafield>
<datafield ind1=" " ind2="0" tag="650">
<subfield code="a">Ethnic arts</subfield>
<subfield code="z">Illinois</subfield>
<subfield code="z">Chicago.</subfield>
</datafield>
<datafield ind1=" " ind2="0" tag="650">
<subfield code="a">Folklore</subfield>
<subfield code="z">Illinois</subfield>
<subfield code="z">Chicago.</subfield>
</datafield>
<datafield ind1=" " ind2="0" tag="651">
<subfield code="a">Chicago (Ill.)</subfield>
<subfield code="x">Social life and customs.</subfield>
</datafield>
<datafield ind1=" " ind2="0" tag="650">
<subfield code="a">Music</subfield>
<subfield code="z">Illinois</subfield>
<subfield code="z">Chicago.</subfield>
</datafield>
<datafield ind1=" " ind2="0" tag="650">
<subfield code="a">Folk music</subfield>
<subfield code="z">Illinois</subfield>
<subfield code="z">Chicago.</subfield>
</datafield>
<datafield ind1=" " ind2="0" tag="650">
<subfield code="a">Dance</subfield>
<subfield code="z">Illinois</subfield>
<subfield code="z">Chicago.</subfield>
</datafield>
<datafield ind1=" " ind2="0" tag="650">
<subfield code="a">Dance, Black</subfield>
<subfield code="z">Illinois</subfield>
<subfield code="z">Chicago.</subfield>
</datafield>
<datafield ind1=" " ind2="0" tag="650">
<subfield code="a">Folk dancing</subfield>
<subfield code="z">Illinois</subfield>
<subfield code="z">Chicago.</subfield>
</datafield>
<datafield ind1=" " ind2="0" tag="650">
<subfield code="a">Artists</subfield>
<subfield code="z">Illinois</subfield>
<subfield code="z">Chicago.</subfield>
</datafield>
<datafield ind1=" " ind2="0" tag="650">
<subfield code="a">Bakeries</subfield>
<subfield code="z">Illinois</subfield>
<subfield code="z">Chicago.</subfield>
</datafield>
<datafield ind1=" " ind2="0" tag="650">
<subfield code="a">Blues (Music)</subfield>
<subfield code="y">1971-1980.</subfield>
</datafield>
<datafield ind1=" " ind2="0" tag="650">
<subfield code="a">Community life</subfield>
<subfield code="z">Illinois</subfield>
<subfield code="z">Chicago.</subfield>
</datafield>
<datafield ind1=" " ind2="0" tag="650">
<subfield code="a">Costume</subfield>
<subfield code="z">Illinois</subfield>
<subfield code="z">Chicago.</subfield>
</datafield>
<datafield ind1=" " ind2="0" tag="650">
<subfield code="a">Dolls</subfield>
<subfield code="z">Illinois</subfield>
<subfield code="z">Chicago.</subfield>
</datafield>
<datafield ind1=" " ind2="0" tag="650">
<subfield code="a">Festivals</subfield>
<subfield code="z">Illinois</subfield>
<subfield code="z">Chicago.</subfield>
</datafield>
<datafield ind1=" " ind2="0" tag="650">
<subfield code="a">Fishing</subfield>
<subfield code="z">Illinois.</subfield>
</datafield>
<datafield ind1=" " ind2="7" tag="650">
<subfield code="a">Murals</subfield>
<subfield code="z">Illinois</subfield>
<subfield code="z">Chicago.</subfield>
<subfield code="2">afset</subfield>
</datafield>
<datafield ind1=" " ind2="0" tag="650">
<subfield code="a">Musical instruments</subfield>
<subfield code="z">Illinois</subfield>
<subfield code="z">Chicago.</subfield>
</datafield>
<datafield ind1=" " ind2="0" tag="650">
<subfield code="a">Musicians</subfield>
<subfield code="z">Illinois</subfield>
<subfield code="z">Chicago.</subfield>
</datafield>
<datafield ind1=" " ind2="0" tag="650">
<subfield code="a">Needlework</subfield>
<subfield code="z">Illinois</subfield>
<subfield code="z">Chicago.</subfield>
</datafield>
<datafield ind1=" " ind2="0" tag="650">
<subfield code="a">Parades</subfield>
<subfield code="z">Illinois</subfield>
<subfield code="z">Chicago.</subfield>
</datafield>
<datafield ind1=" " ind2="0" tag="650">
<subfield code="a">Processions, Religious</subfield>
<subfield code="z">Illinois</subfield>
<subfield code="z">Chicago.</subfield>
</datafield>
<datafield ind1=" " ind2="0" tag="650">
<subfield code="a">Street art</subfield>
<subfield code="z">Illinois</subfield>
<subfield code="z">Chicago.</subfield>
</datafield>
<datafield ind1=" " ind2="0" tag="650">
<subfield code="a">Quilts</subfield>
<subfield code="z">Illinois</subfield>
<subfield code="z">Chicago.</subfield>
</datafield>
<datafield ind1=" " ind2="0" tag="650">
<subfield code="a">Weaving</subfield>
<subfield code="z">Illinois</subfield>
<subfield code="z">Chicago.</subfield>
</datafield>
<datafield ind1=" " ind2="0" tag="650">
<subfield code="a">Weddings</subfield>
<subfield code="z">Illinois</subfield>
<subfield code="z">Chicago.</subfield>
</datafield>
<datafield ind1=" " ind2="0" tag="650">
<subfield code="a">Wood-carving</subfield>
<subfield code="z">Illinois</subfield>
<subfield code="z">Chicago.</subfield>
</datafield>
<datafield ind1=" " ind2="0" tag="650">
<subfield code="a">Pentecostals</subfield>
<subfield code="z">Illinois</subfield>
<subfield code="z">Chicago</subfield>
<subfield code="x">Social life and customs.</subfield>
</datafield>
<datafield ind1=" " ind2="0" tag="650">
<subfield code="a">Catholics</subfield>
<subfield code="z">Illinois</subfield>
<subfield code="z">Chicago</subfield>
<subfield code="x">Social life and customs.</subfield>
</datafield>
<datafield ind1=" " ind2="0" tag="650">
<subfield code="a">Orthodox Eastern Church members</subfield>
<subfield code="z">Illinois</subfield>
<subfield code="z">Chicago</subfield>
<subfield code="x">Social life and customs.</subfield>
</datafield>
<datafield ind1=" " ind2="0" tag="650">
<subfield code="a">Buddhists</subfield>
<subfield code="z">Illinois</subfield>
<subfield code="z">Chicago</subfield>
<subfield code="x">Social life and customs.</subfield>
</datafield>
<datafield ind1=" " ind2="0" tag="650">
<subfield code="a">Japanese tea ceremony</subfield>
<subfield code="x">Ura Senke school.</subfield>
</datafield>
<datafield ind1=" " ind2="0" tag="651">
<subfield code="a">Chicago (Ill.)</subfield>
<subfield code="x">Religious life and customs.</subfield>
</datafield>
<datafield ind1=" " ind2="0" tag="650">
<subfield code="a">African Americans</subfield>
<subfield code="z">Illinois</subfield>
<subfield code="z">Chicago</subfield>
<subfield code="x">Social life and customs.</subfield>
</datafield>
<datafield ind1=" " ind2="0" tag="650">
<subfield code="a">Austrian Americans</subfield>
<subfield code="z">Illinois</subfield>
<subfield code="z">Chicago</subfield>
<subfield code="x">Social life and customs.</subfield>
</datafield>
<datafield ind1=" " ind2="0" tag="650">
<subfield code="a">Chinese Americans</subfield>
<subfield code="z">Illinois</subfield>
<subfield code="z">Chicago</subfield>
<subfield code="x">Social life and customs.</subfield>
</datafield>
<datafield ind1=" " ind2="0" tag="650">
<subfield code="a">Croatian Americans</subfield>
<subfield code="z">Illinois</subfield>
<subfield code="z">Chicago</subfield>
<subfield code="x">Social life and customs.</subfield>
</datafield>
<datafield ind1=" " ind2="0" tag="650">
<subfield code="a">Cuban Americans</subfield>
<subfield code="z">Illinois</subfield>
<subfield code="z">Chicago</subfield>
<subfield code="x">Social life and customs.</subfield>
</datafield>
<datafield ind1=" " ind2="0" tag="650">
<subfield code="a">Czech Americans</subfield>
<subfield code="z">Illinois</subfield>
<subfield code="z">Chicago</subfield>
<subfield code="x">Social life and customs.</subfield>
</datafield>
<datafield ind1=" " ind2="0" tag="650">
<subfield code="a">Danish Americans</subfield>
<subfield code="z">Illinois</subfield>
<subfield code="z">Chicago</subfield>
<subfield code="x">Social life and customs.</subfield>
</datafield>
<datafield ind1=" " ind2="0" tag="650">
<subfield code="a">Finnish Americans</subfield>
<subfield code="z">Illinois</subfield>
<subfield code="z">Chicago</subfield>
<subfield code="x">Social life and customs.</subfield>
</datafield>
<datafield ind1=" " ind2="0" tag="650">
<subfield code="a">Fox Indians</subfield>
<subfield code="z">Illinois</subfield>
<subfield code="z">Chicago</subfield>
<subfield code="x">Social life and customs.</subfield>
</datafield>
<datafield ind1=" " ind2="0" tag="650">
<subfield code="a">German Americans</subfield>
<subfield code="z">Illinois</subfield>
<subfield code="z">Chicago</subfield>
<subfield code="x">Social life and customs.</subfield>
</datafield>
<datafield ind1=" " ind2="0" tag="650">
<subfield code="a">Greek Americans</subfield>
<subfield code="z">Illinois</subfield>
<subfield code="z">Chicago</subfield>
<subfield code="x">Social life and customs.</subfield>
</datafield>
<datafield ind1=" " ind2="0" tag="650">
<subfield code="a">Hispanic Americans</subfield>
<subfield code="z">Illinois</subfield>
<subfield code="z">Chicago</subfield>
<subfield code="x">Social life and customs.</subfield>
</datafield>
<datafield ind1=" " ind2="0" tag="650">
<subfield code="a">Indians of North America</subfield>
<subfield code="z">Illinois</subfield>
<subfield code="z">Chicago</subfield>
<subfield code="x">Social life and customs.</subfield>
</datafield>
<datafield ind1=" " ind2="0" tag="650">
<subfield code="a">Irish Americans</subfield>
<subfield code="z">Illinois</subfield>
<subfield code="z">Chicago</subfield>
<subfield code="x">Social life and customs.</subfield>
</datafield>
<datafield ind1=" " ind2="0" tag="650">
<subfield code="a">Italian Americans</subfield>
<subfield code="z">Illinois</subfield>
<subfield code="z">Chicago</subfield>
<subfield code="x">Social life and customs.</subfield>
</datafield>
<datafield ind1=" " ind2="0" tag="650">
<subfield code="a">Japanese Americans</subfield>
<subfield code="z">Illinois</subfield>
<subfield code="z">Chicago</subfield>
<subfield code="x">Social life and customs.</subfield>
</datafield>
<datafield ind1=" " ind2="0" tag="650">
<subfield code="a">Jews</subfield>
<subfield code="z">Illinois</subfield>
<subfield code="z">Chicago</subfield>
<subfield code="x">Social life and customs.</subfield>
</datafield>
<datafield ind1=" " ind2="0" tag="650">
<subfield code="a">Korean Americans</subfield>
<subfield code="z">Illinois</subfield>
<subfield code="z">Chicago</subfield>
<subfield code="x">Social life and customs.</subfield>
</datafield>
<datafield ind1=" " ind2="0" tag="650">
<subfield code="a">Lithuanian Americans</subfield>
<subfield code="z">Illinois</subfield>
<subfield code="z">Chicago</subfield>
<subfield code="x">Social life and customs.</subfield>
</datafield>
<datafield ind1=" " ind2="0" tag="650">
<subfield code="a">Macedonian Americans</subfield>
<subfield code="z">Illinois</subfield>
<subfield code="z">Chicago</subfield>
<subfield code="x">Social life and customs.</subfield>
</datafield>
<datafield ind1=" " ind2="0" tag="650">
<subfield code="a">Norwegian Americans</subfield>
<subfield code="z">Illinois</subfield>
<subfield code="z">Chicago</subfield>
<subfield code="x">Social life and customs.</subfield>
</datafield>
<datafield ind1=" " ind2="0" tag="650">
<subfield code="a">Polish Americans</subfield>
<subfield code="z">Illinois</subfield>
<subfield code="z">Chicago</subfield>
<subfield code="x">Social life and customs.</subfield>
</datafield>
<datafield ind1=" " ind2="0" tag="650">
<subfield code="a">Puerto Ricans</subfield>
<subfield code="z">Illinois</subfield>
<subfield code="z">Chicago</subfield>
<subfield code="x">Social life and customs.</subfield>
</datafield>
<datafield ind1=" " ind2="0" tag="650">
<subfield code="a">Serbian Americans</subfield>
<subfield code="z">Illinois</subfield>
<subfield code="z">Chicago</subfield>
<subfield code="x">Social life and customs.</subfield>
</datafield>
<datafield ind1=" " ind2="0" tag="650">
<subfield code="a">Slovak Americans</subfield>
<subfield code="z">Illinois</subfield>
<subfield code="z">Chicago</subfield>
<subfield code="x">Social life and customs.</subfield>
</datafield>
<datafield ind1=" " ind2="0" tag="650">
<subfield code="a">Slovenian Americans</subfield>
<subfield code="z">Illinois</subfield>
<subfield code="z">Chicago</subfield>
<subfield code="x">Social life and customs.</subfield>
</datafield>
<datafield ind1=" " ind2="0" tag="650">
<subfield code="a">Swedish Americans</subfield>
<subfield code="z">Illinois</subfield>
<subfield code="z">Chicago</subfield>
<subfield code="x">Social life and customs.</subfield>
</datafield>
<datafield ind1=" " ind2="0" tag="650">
<subfield code="a">Ukrainian Americans</subfield>
<subfield code="z">Illinois</subfield>
<subfield code="z">Chicago</subfield>
<subfield code="x">Social life and customs.</subfield>
</datafield>
<datafield ind1=" " ind2="0" tag="650">
<subfield code="a">Field recordings</subfield>
<subfield code="z">Illinois</subfield>
<subfield code="z">Chicago.</subfield>
</datafield>
<datafield ind1=" " ind2="0" tag="651">
<subfield code="a">Chicago (Ill.)</subfield>
<subfield code="x">Emigration and immigration</subfield>
<subfield code="x">Social aspects.</subfield>
</datafield>
<datafield ind1=" " ind2="7" tag="655">
<subfield code="a">Ethnography.</subfield>
<subfield code="2">aat</subfield>
</datafield>
<datafield ind1=" " ind2="7" tag="655">
<subfield code="a">Manuscripts.</subfield>
<subfield code="2">aat</subfield>
</datafield>
<datafield ind1=" " ind2="7" tag="655">
<subfield code="a">Photographs.</subfield>
<subfield code="2">lcgft</subfield>
</datafield>
<datafield ind1=" " ind2="7" tag="655">
<subfield code="a">Slides.</subfield>
<subfield code="2">gmgpc</subfield>
</datafield>
<datafield ind1=" " ind2="7" tag="655">
<subfield code="a">Interviews.</subfield>
<subfield code="2">lcgft</subfield>
</datafield>
<datafield ind1=" " ind2="7" tag="655">
<subfield code="a">Sound recordings.</subfield>
<subfield code="2">lcgft</subfield>
</datafield>
<datafield ind1=" " ind2="7" tag="655">
<subfield code="a">Songs.</subfield>
<subfield code="2">lcgft</subfield>
</datafield>
<datafield ind1=" " ind2="7" tag="655">
<subfield code="a">Traveling exhibitions.</subfield>
<subfield code="2">aat</subfield>
</datafield>
<datafield ind1=" " ind2="7" tag="655">
<subfield code="a">Video recordings.</subfield>
<subfield code="2">lcgft</subfield>
</datafield>
<datafield ind1=" " ind2="7" tag="655">
<subfield code="a">Videocassettes.</subfield>
<subfield code="2">aat</subfield>
</datafield>
<datafield ind1=" " ind2="7" tag="655">
<subfield code="a">Field recordings.</subfield>
<subfield code="2">lcgft</subfield>
</datafield>
<datafield ind1=" " ind2="7" tag="655">
<subfield code="a">Oral histories.</subfield>
<subfield code="2">lcgft</subfield>
</datafield>
<datafield ind1="1" ind2=" " tag="700">
<subfield code="a">Bartis, Peter,</subfield>
<subfield code="d">1949-2017,</subfield>
<subfield code="e">recordist.</subfield>
</datafield>
<datafield ind1="1" ind2=" " tag="700">
<subfield code="a">Bradunas, Elena,</subfield>
<subfield code="e">recordist.</subfield>
</datafield>
<datafield ind1="1" ind2=" " tag="700">
<subfield code="a">Brzovich, Mato,</subfield>
<subfield code="e">interviewee.</subfield>
</datafield>
<datafield ind1="1" ind2=" " tag="700">
<subfield code="a">Choi, Chungmoo,</subfield>
<subfield code="e">recordist.</subfield>
</datafield>
<datafield ind1="1" ind2=" " tag="700">
<subfield code="a">Epstein, Shifra,</subfield>
<subfield code="d">1943-</subfield>
<subfield code="e">recordist.</subfield>
</datafield>
<datafield ind1="1" ind2=" " tag="700">
<subfield code="a">Fiske-Rusciano, Roberta,</subfield>
<subfield code="e">recordist.</subfield>
</datafield>
<datafield ind1="1" ind2=" " tag="700">
<subfield code="a">George, Philip B.,</subfield>
<subfield code="d">1946-</subfield>
<subfield code="e">recordist.</subfield>
</datafield>
<datafield ind1="1" ind2=" " tag="700">
<subfield code="a">Hellenberg, Antony,</subfield>
<subfield code="d">1938-2000,</subfield>
<subfield code="e">recordist.</subfield>
</datafield>
<datafield ind1="1" ind2=" " tag="700">
<subfield code="a">Kalčik, Susan J.,</subfield>
<subfield code="e">recordist.</subfield>
</datafield>
<datafield ind1="1" ind2=" " tag="700">
<subfield code="a">Klymasz, Robert Bogdan,</subfield>
<subfield code="d">1936-2024,</subfield>
<subfield code="e">recordist.</subfield>
</datafield>
<datafield ind1="1" ind2=" " tag="700">
<subfield code="a">Klymasz, Shirley,</subfield>
<subfield code="e">photographer.</subfield>
</datafield>
<datafield ind1="1" ind2=" " tag="700">
<subfield code="a">Kubose, Minnie Somi,</subfield>
<subfield code="e">interviewee.</subfield>
</datafield>
<datafield ind1="1" ind2=" " tag="700">
<subfield code="a">Libonati, Roland V.</subfield>
<subfield code="q">(Roland Victor),</subfield>
<subfield code="d">1900-1991,</subfield>
<subfield code="e">interviewee.</subfield>
</datafield>
<datafield ind1="1" ind2=" " tag="700">
<subfield code="a">Lund, Jens,</subfield>
<subfield code="d">1946-</subfield>
<subfield code="e">recordist.</subfield>
</datafield>
<datafield ind1="1" ind2=" " tag="700">
<subfield code="a">Mack, James,</subfield>
<subfield code="e">interviewee.</subfield>
</datafield>
<datafield ind1="1" ind2=" " tag="700">
<subfield code="a">March, Richard,</subfield>
<subfield code="d">1946-</subfield>
<subfield code="e">recordist.</subfield>
</datafield>
<datafield ind1="1" ind2=" " tag="700">
<subfield code="a">Mathias, Elizabeth,</subfield>
<subfield code="e">recordist.</subfield>
</datafield>
<datafield ind1="1" ind2=" " tag="700">
<subfield code="a">Metcalfe, Ralph H.,</subfield>
<subfield code="d">1948-</subfield>
<subfield code="e">recordist.</subfield>
</datafield>
<datafield ind1="1" ind2=" " tag="700">
<subfield code="a">Moloney, Mick,</subfield>
<subfield code="d">1944-2022,</subfield>
<subfield code="e">recordist.</subfield>
</datafield>
<datafield ind1="1" ind2=" " tag="700">
<subfield code="a">Robinson, Beverly J.,</subfield>
<subfield code="e">recordist.</subfield>
</datafield>
<datafield ind1="1" ind2=" " tag="700">
<subfield code="a">Swenson, Greta E.,</subfield>
<subfield code="e">recordist.</subfield>
</datafield>
<datafield ind1="1" ind2=" " tag="700">
<subfield code="a">Dovydenas, Jonas,</subfield>
<subfield code="e">photographer.</subfield>
</datafield>
<datafield ind1="1" ind2=" " tag="700">
<subfield code="a">Fleischhauer, Carl,</subfield>
<subfield code="e">photographer,</subfield>
<subfield code="e">recordist.</subfield>
</datafield>
<datafield ind1="1" ind2=" " tag="700">
<subfield code="a">González, José Gamaliel,</subfield>
<subfield code="d">1933-</subfield>
<subfield code="e">photographer.</subfield>
</datafield>
<datafield ind1="1" ind2=" " tag="700">
<subfield code="a">Trbuhovic-Grasa, Gordana,</subfield>
<subfield code="e">photographer.</subfield>
</datafield>
<datafield ind1="1" ind2="2" tag="700">
<subfield code="a">Dovydenas, Jonas.</subfield>
<subfield code="t">Inside our houses, outside our windows.</subfield>
</datafield>
<datafield ind1="2" ind2=" " tag="710">
<subfield code="a">American Folklife Center,</subfield>
<subfield code="e">sponsor.</subfield>
</datafield>
<datafield ind1="2" ind2=" " tag="710">
<subfield code="a">Archive of Folk Culture (Library of Congress),</subfield>
<subfield code="e">collector.</subfield>
</datafield>
<datafield ind1="2" ind2=" " tag="710">
<subfield code="a">Illinois Arts Council,</subfield>
<subfield code="e">sponsor.</subfield>
</datafield>
<datafield ind1="2" ind2=" " tag="710">
<subfield code="a">Chicago Ethnic Arts Project.</subfield>
</datafield>
<datafield ind1="2" ind2="2" tag="710">
<subfield code="a">American Folklife Center.</subfield>
<subfield code="t">Report on the Chicago Ethnic Arts Project.</subfield>
</datafield>
<datafield ind1=" " ind2=" " tag="852">
<subfield code="a">Library of Congress</subfield>
<subfield code="b">Archive of Folk Culture, American Folklife Center,</subfield>
<subfield code="e">
101 Independence Ave. S.E., Washington, DC USA 20540-4610
</subfield>
<subfield code="u">http://hdl.loc.gov/loc.afc/folklife.home</subfield>
</datafield>
<datafield ind1="4" ind2="2" tag="856">
<subfield code="3">Finding aid</subfield>
<subfield code="u">http://hdl.loc.gov/loc.afc/eadafc.af014006</subfield>
</datafield>
<datafield ind1="4" ind2="1" tag="856">
<subfield code="3">Online presentation</subfield>
<subfield code="u">http://hdl.loc.gov/loc.afc/collafc.afc1981004</subfield>
</datafield>
<datafield ind1=" " ind2=" " tag="985">
<subfield code="a">AFC/Chicago Ethnic Arts</subfield>
<subfield code="e">DHC</subfield>
</datafield>
<datafield ind1=" " ind2=" " tag="985">
<subfield code="a">afc/ead</subfield>
</datafield>
<datafield ind1=" " ind2=" " tag="985">
<subfield code="a">afc/coll</subfield>
</datafield>
</record>
</collection>